<record><leader>00000cas a22000007a 4500</leader><controlfield tag="001">12141463</controlfield><controlfield tag="008">850611d18951935wvudr ne      0    0eng d</controlfield><datafield ind1=" " ind2=" " tag="010"><subfield code="a">sn 85038298 </subfield></datafield><datafield ind1=" " ind2=" " tag="040"><subfield code="a">NPY</subfield><subfield code="b">eng</subfield><subfield code="c">NPY</subfield><subfield code="d">WVC</subfield><subfield code="d">OCL</subfield><subfield code="d">OCLCQ</subfield></datafield><datafield ind1=" " ind2=" " tag="042"><subfield code="a">msc</subfield></datafield><datafield ind1="0" ind2="0" tag="245"><subfield code="a">Wheeling daily news.</subfield></datafield><datafield ind1="1" ind2="3" tag="246"><subfield code="a">Wheeling news</subfield></datafield><datafield ind1=" " ind2=" " tag="260"><subfield code="a">Wheeling, W. Va. :</subfield><subfield code="b">News Pub. Co.,</subfield><subfield code="c">-1935.</subfield></datafield><datafield ind1=" " ind2=" " tag="300"><subfield code="a">v. ;</subfield><subfield code="c">51 cm.</subfield></datafield><datafield ind1=" " ind2=" " tag="310"><subfield code="a">Daily</subfield></datafield><datafield ind1="1" ind2=" " tag="362"><subfield code="a">Began in 1895?</subfield></datafield><datafield ind1="0" ind2=" " tag="362"><subfield code="a">-v. 45, no. 336 (Aug. 26, 1935).</subfield></datafield><datafield ind1=" " ind2=" " tag="500"><subfield code="a">H.C. Ogden, gen'l. manager.</subfield></datafield><datafield ind1=" " ind2=" " tag="515"><subfield code="a">Continues the numbering of: Wheeling evening news.</subfield></datafield><datafield ind1=" " ind2=" " tag="588"><subfield code="a">Description based on: Vol. 6, no. 114 (Jan. 13, 1896).</subfield></datafield><datafield ind1=" " ind2=" " tag="752"><subfield code="a">United States</subfield><subfield code="b">West Virginia</subfield><subfield code="c">Ohio</subfield><subfield code="d">Wheeling.</subfield></datafield><datafield ind1="0" ind2=" " tag="775"><subfield code="t">Wheeling Sunday news</subfield><subfield code="w">(DLC)L  86092525</subfield></datafield><datafield ind1="0" ind2="0" tag="780"><subfield code="t">Wheeling evening news</subfield><subfield code="w">(DLC)sn 86092526</subfield></datafield><datafield ind1="0" ind2="7" tag="785"><subfield code="t">Wheeling register (Daily)</subfield><subfield code="w">(DLC)sn 86092518</subfield></datafield><datafield ind1="0" ind2="7" tag="785"><subfield code="t">Wheeling news-register</subfield><subfield code="w">(DLC)sn 86092532</subfield></datafield></record>